<?xml version="1.0" encoding="UTF-8"?><collection xmlns="http://www.loc.gov/MARC21/slim"><record><leader>00531nam--2200181-i-4500</leader><controlfield tag="001">000022300</controlfield><controlfield tag="002">20161230</controlfield><controlfield tag="005">20161230201034</controlfield><controlfield tag="008">060222s1000------------r-----000-0-eng-d</controlfield><datafield ind1=" " ind2=" " tag="040"><subfield code="a">IFIN-HH</subfield></datafield><datafield ind1=" " ind2=" " tag="080"><subfield code="a">518.5</subfield></datafield><datafield ind1="1" ind2=" " tag="100"><subfield code="a">Ferguson, Robert O</subfield></datafield><datafield ind1="1" ind2="0" tag="245"><subfield code="a">Linear programming: fundamentals and applications</subfield><subfield code="c">Robert o ferguson, lauren f. sargent</subfield></datafield><datafield ind1=" " ind2=" " tag="260"><subfield code="a">New York</subfield><subfield code="b">Mcgraw-hill Book Company, Inc</subfield><subfield code="c">1958</subfield></datafield><datafield ind1=" " ind2=" " tag="300"><subfield code="a">XIV+342P.+ANEXE</subfield></datafield><datafield ind1=" " ind2=" " tag="700"><subfield code="a">Sargent, Lauren F</subfield></datafield><datafield ind1=" " ind2=" " tag="852"><subfield code="a">16173</subfield><subfield code="c">519.283</subfield></datafield><datafield ind1=" " ind2=" " tag="CAT"><subfield code="a">Sys</subfield><subfield code="c">20130806</subfield><subfield code="h">144713</subfield></datafield></record></collection>